@misc{Briot,
  doi = {10.48550/ARXIV.1709.01620},
  
  url = {https://arxiv.org/abs/1709.01620},
  
  author = {Briot, Jean-Pierre and Hadjeres, Gaëtan and Pachet, François-David},
  
  keywords = {Sound (cs.SD), Machine Learning (cs.LG), FOS: Computer and information sciences, FOS: Computer and information sciences},
  
  title = {Deep Learning Techniques for Music Generation -- A Survey},
  
  publisher = {arXiv},
  
  year = {2017},
  
  copyright = {arXiv.org perpetual, non-exclusive license}
}

% @article{Briot Et al.,
%   author={Briot, Jean-Pierre and Hadjeres, Gaëtan and Pachet, François-David},
%   title={Deep Learning Techniques for Music Generation -- A Survey},
%   journal={Deep Learning Techniques for Music Generation, Computational Synthesis and Creative Systems},
%   year=2019,
%   publisher=Springer, 
% }

 @misc{payne_2021, 
 title={Musenet}, url={https://openai.com/blog/musenet/}, journal={OpenAI}, publisher={OpenAI}, author={Payne, Christine McLeavey}, year={2021}, month={Jun}} 